@misc{singh_2013,
	 title={Static and dynamic binding in java}, 
	url={https://beginnersbook.com/2013/04/java-static-dynamic-binding}, 
	journal={beginnersbook.com},
	author={Singh, Chaitanya},
	year={2013}, month={May}}
	
@misc{post,
	author = {Menon, Vijay},
	year = {2017},
	month = {11},
	title = {What are some examples of coupling and cohesion for class and 	object?},
	url={https://www.researchgate.net/post/What_are_some_examples_of_coupling_and_cohesion_for_class_and_object}
}

@misc{geeks,
title= {software engineering | coupling and cohesion - geeksforgeeks}, url={https://www.geeksforgeeks.org/software-engineering-coupling-and-cohesion},
journal={GeeksforGeeks},
year={2020},
month={January},
day={8}
}